@book{hpl_fdm,
    author  = {Langtangen, Hans Petter and Linge, Svein},
    title = "Finite Difference Computing with Partial Differential Equations",
    publisher = "Springer",
    year = {2016},
    url = {http://hplgit.github.io/fdm-book/doc/web/index.html},
}

@book{inf3380_bok,
    author = {Grama, Ananth and Gupta, Anshul and Karypis, George and Kumar, Vipin},
    title = "Introduction to Parallel Computing",
    publisher = "Pearson",
    year = {2003},
}
