@book{hpl_fdm,
    author  = {Langtangen, Hans Petter and Linge, Svein},
    title = "Finite Difference Computing with Partial Differential Equations",
    publisher = "Springer",
    year = {2016},
    url = {http://hplgit.github.io/fdm-book/doc/web/index.html},
}

@book{inf3380_bok,
    author = {Grama, Ananth and Gupta, Anshul and Karypis, George and Kumar, Vipin},
    title = "Introduction to Parallel Computing",
    publisher = "Pearson",
    year = {2003},
}

@book{mat1120_bok,
    author = {Lay, David C. and Lay, Steven R. and McDonald, Judi J.},
    title = "Linear Algebra and its Applications",
    publisher = "Pearson",
    year = {2016},
    edition = "Fifth",
}

@booklet{mhj_lecture_notes,
    author = {Hjorth-Jensen, Morten},
    title = "Computational Physics: Lecture Notes",
    url = {http://compphysics.github.io/ComputationalPhysics/doc/Lectures/lectures2015.pdf},
}
