@booklet{lecture_notes,
    author = {Hjorth-Jensen, Morten},
    title = "Computational Physics: Lecture Notes Fall 2015",
    url = {http://compphysics.github.io/ComputationalPhysics/doc/Lectures/lectures2015.pdf},
}
